@article{Adams:1999:UE:322796.322806,
 author = {Adams, Anne and Sasse, Martina Angela},
 title = {Users are not the enemy},
 journal = {Commun. ACM},
 issue_date = {Dec. 1999},
 volume = {42},
 number = {12},
 month = dec,
 year = {1999},
 issn = {0001-0782},
 pages = {40--46},
 numpages = {7},
 url = {http://doi.acm.org/10.1145/322796.322806},
 doi = {10.1145/322796.322806},
 acmid = {322806},
 publisher = {ACM},
 address = {New York, NY, USA},
}
@article{Honan2012,
  author = {Honan, Mat},
  title = {Kill the Password: Why a String of Characters Can't Protect Us Anymore},
  journal = {Wired Magazine},
  month = {11},
  url = {http://www.wired.com/gadgetlab/2012/11/ff-mat-honan-password-hacker/all},
  year = {2012},
}
