@misc{Schneier:2005,
	author = {Schneier, Bruce},
	citeulike-article-id = {10523550},
	citeulike-linkout-0 = {http://www.schneier.com/blog/archives/2005/06/write\_down\_your.html},
	howpublished = {Cryptogram Newsletter},
	keywords = {file-import-12-04-03},
	month = jun,
	posted-at = {2012-04-03 12:07:48},
	priority = {2},
	title = {{Write Down Your Password}},
	url = {http://www.schneier.com/blog/archives/2005/06/write\_down\_your.html},
	year = {2005}
}
@misc{wiki:linkedin,
	author = "Wikipedia",
	title = "2012 LinkedIn hack --- Wikipedia{,} The Free Encyclopedia",
	year = "2012",
	url = "\url{http://en.wikipedia.org/w/index.php?title=2012_LinkedIn_hack&oldid=507888728}",
	note = "[Online; accessed 17-September-2012]"
}
@misc{youtube:tobyturner,
	author = "Toby Turner",
	title = "Password Rant",
	month = dec,
	year = "2012",
	posted-at = {2012-12-19},
	url = "\url{http://www.youtube.com/ watch?v=jQ7DBG3ISRY}",
	note = "http://www.youtube.com/ watch?v=jQ7DBG3ISRY",
}
@misc{fandom:incrediblestwo,
	author = "Fandom Inc.",
	title = "Pixar Wiki: Edna Mode",
	year = "2020",
}
@misc{f:idiblestwo,
	author = "Fandom Inc.",
	title = "Pixar Wiki: Edna Mode",
	year = "2020",
	url = "\url{https://pixar.fandom.com/wiki/Edna\_Mode}"
}
@article{greenwade93,
    author  = "George D. Greenwade",
    title   = "The {C}omprehensive {T}ex {A}rchive {N}etwork ({CTAN})",
    year    = "1993",
    journal = "TUGBoat",
    volume  = "14",
    number  = "3",
    pages   = "342--351"
}
@misc{pi-world-ranking-list,
	key = "pi-world-ranking",
	year = "2020",
	url = "\url{https://www.pi-world-ranking-list.com}",
	note = "https://www.pi-world-ranking-list.com",
}
