@misc{SchneierPasswords2005,
    author = {Schneier, Bruce},
    citeulike-article-id = {10523550},
    citeulike-linkout-0 = {http://www.schneier.com/blog/archives/2005/06/write\_down\_your.html},
    howpublished = {Cryptogram Newsletter},
    keywords = {file-import-12-04-03},
    month = jun,
    posted-at = {2012-04-03 12:07:48},
    priority = {2},
    title = {{Write Down Your Password}},
    url = {http://www.schneier.com/blog/archives/2005/06/write\_down\_your.html},
    year = {2005}
}

