@misc{Schneier:2005,
	author = {Schneier, Bruce},
	citeulike-article-id = {10523550},
	citeulike-linkout-0 = {http://www.schneier.com/blog/archives/2005/06/write\_down\_your.html},
	howpublished = {Cryptogram Newsletter},
	keywords = {file-import-12-04-03},
	month = jun,
	posted-at = {2012-04-03 12:07:48},
	priority = {2},
	title = {{Write Down Your Password}},
	url = {http://www.schneier.com/blog/archives/2005/06/write\_down\_your.html},
	year = {2005}
}
@misc{wiki:linkedin,
	author = "Wikipedia",
	title = "2012 LinkedIn hack --- Wikipedia{,} The Free Encyclopedia",
	year = "2012",
	url = "\url{http://en.wikipedia.org/w/index.php?title=2012_LinkedIn_hack&oldid=507888728}",
	note = "[Online; accessed 17-September-2012]"
}
@misc{youtube:tobyturner,
	author = "Toby Turner",
	title = "Password Rant",
	month = dec,
	year = "2012",
	posted-at = {2012-12-19},
	url = "\url{http://www.youtube.com/watch?v=jQ7DBG3ISRY}",
	note = "http://www.youtube.com/watch?v=jQ7DBG3ISRY",
}
